@article{Marky,
author = {Marky, Karola and Ragozin, Kirill and Chernyshov, George and Matviienko, Andrii and Schmitz, Martin and M\"{u}hlh\"{a}user, Max and Eghtebas, Chloe and Kunze, Kai},
title = {“Nah, it’s just annoying!” A Deep Dive into User Perceptions of Two-Factor Authentication},
year = {2022},
issue_date = {October 2022},
publisher = {Association for Computing Machinery},
address = {New York, NY, USA},
volume = {29},
number = {5},
issn = {1073-0516},
url = {https://doi.org/10.1145/3503514},
doi = {10.1145/3503514},
journal = {ACM Trans. Comput.-Hum. Interact.},
month = {oct},
articleno = {43},
numpages = {32},
keywords = {Two-factor authentication, human factors, usability, user experience}
}

@INPROCEEDINGS{Bosnjak,
  author={Bošnjak, L. and Sreš, J. and Brumen, B.},
  booktitle={2018 41st International Convention on Information and Communication Technology, Electronics and Microelectronics (MIPRO)}, 
  title={Brute-force and dictionary attack on hashed real-world passwords}, 
  year={2018},
  volume={},
  number={},
  pages={1161-1166},
  keywords={Password;Dictionaries;Force;password cracking;password security;brute force attack;dictionary attack;hashed passwords},
  doi={10.23919/MIPRO.2018.8400211}}

@inproceedings {Reese,
author = {Ken Reese and Trevor Smith and Jonathan Dutson and Jonathan Armknecht and Jacob Cameron and Kent Seamons},
title = {A Usability Study of Five {Two-Factor} Authentication Methods},
booktitle = {Fifteenth Symposium on Usable Privacy and Security (SOUPS 2019)},
year = {2019},
isbn = {978-1-939133-05-2},
address = {Santa Clara, CA},
pages = {357--370},
url = {https://www.usenix.org/conference/soups2019/presentation/reese},
publisher = {USENIX Association},
month = aug
}

@article{Brooke,
author = {Brooke, John},
year = {1995},
month = {11},
pages = {},
title = {SUS: A quick and dirty usability scale},
volume = {189},
journal = {Usability Eval. Ind.},
url = {https://www.researchgate.net/publication/228593520_SUS_A_quick_and_dirty_usability_scale}
}

@article{Jover,
author = {Jover, Roger Piqueras},
title = {Security analysis of SMS as a second factor of authentication},
year = {2020},
issue_date = {December 2020},
publisher = {Association for Computing Machinery},
address = {New York, NY, USA},
volume = {63},
number = {12},
issn = {0001-0782},
url = {https://doi.org/10.1145/3424260},
doi = {10.1145/3424260},
abstract = {The challenges of multifactor authentication based on SMS, including cellular security deficiencies, SS7 exploits, and SIM swapping.},
journal = {Commun. ACM},
month = {nov},
pages = {46–52},
numpages = {7}
}

@article{Acemyan,
author = {Claudia Ziegler Acemyan and Philip Kortum and Jeffrey Xiong and Dan S. Wallach},
title ={2FA Might Be Secure, But It’s Not Usable: A Summative Usability Assessment of Google’s Two-factor Authentication (2FA) Methods},
journal = {Proceedings of the Human Factors and Ergonomics Society Annual Meeting},
volume = {62},
number = {1},
pages = {1141-1145},
year = {2018},
doi = {10.1177/1541931218621262},
URL = {https://doi.org/10.1177/1541931218621262},
}

@misc{rfc6238,
    series =    {Request for Comments},
    number =    6238,
    howpublished =  {RFC 6238},
    publisher = {RFC Editor},
    doi =       {10.17487/RFC6238},
    url =       {https://www.rfc-editor.org/info/rfc6238},
    author =    {David M'Raihi and Johan Rydell and Mingliang Pei and Salah Machani},
    title =     {TOTP: Time-Based One-Time Password Algorithm},
    pagetotal = 16,
    year =      2011,
    month =     may,
}

@techreport{Hess,
	author = {Hess, Elie M. and Tolbert, Matthew M. and Nascimento, Mattheus C.},
	title = {Vulnerabilities of Multi-factor Authentication in Modern Computer Networks},
	school = {Worcester Polytechnic Institute},
	address = {100 Institute Road, Worcester MA 01609-2280 USA},
	year = {2021},
	month = {May},
    url = {https://digital.wpi.edu/concern/student_works/5d86p313s?locale=en}
}

@misc{Huckle,
author = {Huckle, Tom},
title = {Ransomware-Attacken auf Uber und Rockstar ist MFA nicht sicher genug?},
year = {2022},
url = {https://www.infopoint-security.de/ransomware-attacken-auf-uber-und-rockstar-ist-mfa-nicht-sicher-genug/a32252},
publisher = {Infopoint Security}
}

@misc{sosafe,
    title = {MFA-Fatigue-Angriff},
    url = {https://sosafe-awareness.com/de/glossar/mfa-fatigue-angriff/},
    author = {{SoSafe GmbH}}
}

@misc{authy,
    title = {Authy OneTouch: Simply Strong Security},
    url = {https://authy.com/blog/authy-onetouch-simply-strong-security/},
    publisher = {Twilio},
    year = {2016},
    author = {{Twilio Inc.}}
}

@misc{u2f,
    publisher = {{FIDO Alliance}},
    url =       {https://fidoalliance.org/specifications/download/},
    author =    {Sampath Srinivas and Dirk Balfanz and Eric Tiffany and Alexei Czeskis},
    title =     {Universal 2nd Factor (U2F) Overview},
    year =      2017,
    version = {1.2}
}

@misc{Yadav,
      title={A Security and Usability Analysis of Local Attacks Against FIDO2}, 
      author={Tarun Kumar Yadav and Kent Seamons},
      year={2023},
url = {https://arxiv.org/abs/2308.02973},
      archivePrefix={arXiv},
      primaryClass={cs.CR}
}

@inproceedings {Roche,
author = {Thomas Roche and Victor Lomn{\'e} and Camille Mutschler and Laurent Imbert},
title = {A Side Journey To Titan},
booktitle = {30th USENIX Security Symposium (USENIX Security 21)},
year = {2021},
isbn = {978-1-939133-24-3},
pages = {231--248},
url = {https://www.usenix.org/conference/usenixsecurity21/presentation/roche},
publisher = {USENIX Association},
month = aug
}

@misc{rfc4949,
    series =    {Request for Comments},
    number =    4949,
    howpublished =  {RFC 4949},
    publisher = {RFC Editor},
    doi =       {10.17487/RFC4949},
    url =       {https://www.rfc-editor.org/info/rfc4949},
    author =    {Robert W. Shirey},
    title =     {Internet Security Glossary, Version 2},
    pagetotal = 365,
    year =      2007,
    month =     aug,
}

@misc{bsiSocialEng,
url = {https://www.bsi.bund.de/DE/Themen/Verbraucherinnen-und-Verbraucher/Cyber-Sicherheitslage/Methoden-der-Cyber-Kriminalitaet/Social-Engineering/social_engineering.html?nn=132176},
author = {BSI, {Bundesamt für Sicherheit in der Informationstechnik}},
title = {Social Engineering der Mensch als Schwachstelle}
}

@misc{evilginx,
url = {https://github.com/kgretzky/evilginx2},
title = {Evilginx 3.0},
author = {Kuba Gretzky},
year = {2023}
}

@misc{Srinivasan,
url = {https://www.trustwave.com/en-us/resources/blogs/spiderlabs-blog/bypassing-2fa-authentication-with-evilginx2/},
title = {Bypassing 2FA Authentication with Evilginx2},
author = {Shrijin Srinivasan},
year = 2022,
publisher = {Trustwave Holdings Inc.}
}

@misc{nfcForum,
url = {https://nfc-forum.org/learn/nfc-technology/},
title = {Technical Overview},
author = {{NFC Forum}},
year = {2024}
}

@misc{btEstimator,
url = {https://www.bluetooth.com/de/learn-about-bluetooth/key-attributes/range/#estimator},
title = {The Bluetooth Range Estimator},
author = {{Bluetooth SIG}},
year = {2024}
}

@misc{webBt,
url = {https://developer.mozilla.org/en-US/docs/Web/API/Web_Bluetooth_API},
title = {Web Bluetooth API},
author = {{Mozilla Developer Network}},
year = {2023}
}

@Article{Lonzetta,
AUTHOR = {Lonzetta, Angela M. and Cope, Peter and Campbell, Joseph and Mohd, Bassam J. and Hayajneh, Thaier},
TITLE = {Security Vulnerabilities in Bluetooth Technology as Used in IoT},
JOURNAL = {Journal of Sensor and Actuator Networks},
VOLUME = {7},
YEAR = {2018},
NUMBER = {3},
ARTICLE-NUMBER = {28},
URL = {https://www.mdpi.com/2224-2708/7/3/28},
ISSN = {2224-2708},
DOI = {10.3390/jsan7030028}
}

@article{siliconLabs,
  author          = {{Silicon Labs Inc.}},
  title           = {AN1302: Bluetooth Low Energy Application Security Design Considerations in SDK v3.x and Higher},
  year            = {2023},
  url = {https://www.silabs.com/documents/public/application-notes/an1302-bluetooth-application-security-design-considerations.pdf}
}

@misc{androidBt,
url = {https://developer.android.com/develop/connectivity/bluetooth/ble/ble-overview},
title = {Bluetooth Low Energy},
year = {2024},
author = {{Android Developers}}
}

@article{VonSolms,
title = {From information security to cyber security},
journal = {Computers \& Security},
volume = {38},
pages = {97-102},
year = {2013},
note = {Cybercrime in the Digital Economy},
issn = {0167-4048},
doi = {https://doi.org/10.1016/j.cose.2013.04.004},
url = {https://www.sciencedirect.com/science/article/pii/S0167404813000801},
author = {Rossouw {von Solms} and Johan {van Niekerk}},
}

@misc{htmlAutocomplete,
  author       = {{Mozilla Developer Network}},
  title        = {HTML attribute: autocomplete},
  year         = {2023},
  url = {https://developer.mozilla.org/en-US/docs/Web/HTML/Attributes/autocomplete}
}

@misc{appleNotify,
  author       = {{Apple Inc.}},
  title        = {Declaring your actionable notification types},
  year         = {2024},
  url = {https://developer.apple.com/documentation/usernotifications/declaring_your_actionable_notification_types}
}

@misc{androidNotify,
  author       = {{Android Developers}},
  title        = {Create a notification},
  year         = {2024},
  url          = {https://developer.android.com/develop/ui/views/notifications/build-notification#Actions},
}

@book{Sauro,
  author         = {Sauro, Jeff},
  publisher = {Measuring Usability LLC},
  title          = {A practical guide to the System Usability Scale: Background, benchmarks, \& best practices},
  year           = {2011},
  isbn           = {1461062705},
}

@article{BrookeRetro,
author = {Brooke, John},
year = {2013},
month = {01},
pages = {29-40},
title = {SUS: a retrospective},
volume = {8},
journal = {Journal of Usability Studies},
url = {https://www.researchgate.net/publication/285811057_SUS_a_retrospective}
}

@unknown{Schrepp,
author = {Schrepp, Martin},
year = {2015},
month = {09},
pages = {},
title = {User Experience Questionnaire Handbook},
doi = {10.13140/RG.2.1.2815.0245}
}

@article{SUS11,
author = {Bangor, Aaron and Kortum, Philip and Miller, James},
title = {Determining what individual SUS scores mean: adding an adjective rating scale},
year = {2009},
issue_date = {May 2009},
publisher = {Usability Professionals' Association},
address = {Bloomingdale, IL},
volume = {4},
number = {3},
journal = {J. Usability Studies},
month = {may},
pages = {114–123},
numpages = {10},
keywords = {user satisfaction, usability, system usability scale, surveys, SUS},
url = {https://dl.acm.org/doi/10.5555/2835587.2835589}
}

@inproceedings{2FAPP,
author = {Ulqinaku, Enis and Lain, Daniele and Capkun, Srdjan},
title = {2FA-PP: 2nd factor phishing prevention},
year = {2019},
isbn = {9781450367264},
publisher = {Association for Computing Machinery},
address = {New York, NY, USA},
doi = {10.1145/3317549.3323404},
booktitle = {Proceedings of the 12th Conference on Security and Privacy in Wireless and Mobile Networks},
pages = {60–70},
numpages = {11},
location = {Miami, Florida},
series = {WiSec '19}
}

@misc{DIGI,
  author       = {Roche, Dave},
  title        = {Why Private Keys should not be shared},
  year         = {2021},
  url = {https://www.digicert.com/blog/why-private-keys-should-not-be-shared}
}

@inproceedings{2D2FA,
author = {Shirvanian, Maliheh and Agrawal, Shashank},
title = {2D-2FA: A New Dimension in Two-Factor Authentication},
year = {2021},
isbn = {9781450385794},
publisher = {Association for Computing Machinery},
address = {New York, NY, USA},
doi = {10.1145/3485832.3485910},
booktitle = {Proceedings of the 37th Annual Computer Security Applications Conference},
pages = {482–496},
numpages = {15},
keywords = {Two Factor Authentication, Passwords, Authentication},
location = {<conf-loc>, <city>Virtual Event</city>, <country>USA</country>, </conf-loc>},
series = {ACSAC '21}
}

@INPROCEEDINGS{PhotoAuth,
  author={Sun, Yuanyi and Zhu, Sencun and Zhao, Yan and Sun, Pengfei},
  booktitle={2022 IEEE Conference on Communications and Network Security (CNS)}, 
  title={A User-Friendly Two-Factor Authentication Method against Real-Time Phishing Attacks}, 
  year={2022},
  volume={},
  number={},
  pages={91-99},
  keywords={Web page design;Phishing;Optical character recognition;Authentication;Real-time systems;Hardware;Web servers},
  doi={10.1109/CNS56114.2022.9947253}
}

@misc{PkFIDORes,
  author       = {{FIDO Alliance}},
  howpublished = {},
  title        = {Passkeys -- Accelerating the Availability of Simpler, Stronger Passwordless Sign-Ins},
  year         = {},
  url = {https://fidoalliance.org/passkeys/#resources}
}

@misc{PkFIDO,
  author       = {{FIDO Alliance}},
  howpublished = {},
  title        = {FIDO Authentication A Passwordless Vision},
  year         = {},
  url = {https://fidoalliance.org/fido2/}
}
@misc{WebAuthnSpec,
  author       = {{W3C}},
  howpublished = {},
  title        = {Web Authentication:
An API for accessing Public Key Credentials},
  year         = {2019},
  url = {https://www.w3.org/TR/webauthn-1/}
}

@misc{CTAPSpec,
  author       = {FIDO Alliance},
  howpublished = {},
  title        = {Client to Authenticator Protocol (CTAP)},
  year         = {2023},
  url = {https://fidoalliance.org/specs/fido-v2.2-rd-20230321/fido-client-to-authenticator-protocol-v2.2-rd-20230321.html}
}

@misc{YubiFIDO2,
  author       = {Yubico},
  howpublished = {},
  title        = {FIDO2/WebAuthn Overview},
  year         = {},
  url = {https://developers.yubico.com/WebAuthn/WebAuthn_Developer_Guide/}
}

@misc{BSISecEl,
  author       = {BSI, {Bundesamt für Sicherheit in der Informationstechnik}},
  howpublished = {},
  title        = {Secure Elements für mobile Plattformen},
  year         = {},
  url = {https://www.bsi.bund.de/DE/Themen/Unternehmen-und-Organisationen/Standards-und-Zertifizierung/Secure-Elements/secure-elements_node.html#:~:text=Secure%20Elements%20sind%20physische%20Komponenten,und%20anderen%20b%C3%B6swilligen%20Akteuren%20abwehren.}
}

@inproceedings{FidoRescue,
author = {W\"{u}rsching, Leon and Putz, Florentin and Haesler, Steffen and Hollick, Matthias},
title = {FIDO2 the Rescue? Platform vs. Roaming Authentication on Smartphones},
year = {2023},
isbn = {9781450394215},
publisher = {Association for Computing Machinery},
address = {New York, NY, USA},
url = {https://doi.org/10.1145/3544548.3580993},
doi = {10.1145/3544548.3580993},
booktitle = {Proceedings of the 2023 CHI Conference on Human Factors in Computing Systems},
articleno = {68},
numpages = {16},
keywords = {Accounts, Biometrics, Passwordless, Security, Usability, User Authentication},
location = {<conf-loc>, <city>Hamburg</city>, <country>Germany</country>, </conf-loc>},
series = {CHI '23}
}

@article{lassakaren,
  title={Why Aren’t We Using Passkeys? Obstacles Companies Face Deploying FIDO2 Passwordless Authentication},
  author={Lassak, Leona and Pan, Elleen and Ur, Blase and Golla, Maximilian},
  url = {https://www.usenix.org/conference/usenixsecurity24/presentation/lassak}
}

@misc{BSIsmsTan,
  author       = {BSI, {Bundesamt für Sicherheit in der Informationstechnik}},
  howpublished = {},
  title        = {Meine Bank schafft die smsTAN ab -– Was nun?},
  year         = {},
  url = {https://www.bsi.bund.de/DE/Themen/Verbraucherinnen-und-Verbraucher/Informationen-und-Empfehlungen/Online-Banking-Online-Shopping-und-mobil-bezahlen/Online-Banking/smsTAN/sms-tan_node.html}
}

@misc{PwReuse,
  author = {Das, Anupam and Bonneau, Joseph and Caesar, Matthew and Borisov, Nikita and Wang, XiaoFeng},
  title = {The Tangled Web of Password Reuse},
  year = {2014},
  url = {https://www.ndss-symposium.org/ndss2014/ndss-2014-programme/tangled-web-password-reuse/}
}
